<record><leader>00000cas a22000007a 4500</leader><controlfield tag="001">10186145</controlfield><controlfield tag="008">831203d19301939ohudr ne      0    0eng d</controlfield><datafield ind1=" " ind2=" " tag="010"><subfield code="a">sn 83035639 </subfield></datafield><datafield ind1=" " ind2=" " tag="040"><subfield code="a">NPY</subfield><subfield code="b">eng</subfield><subfield code="c">NPY</subfield><subfield code="d">ONP</subfield><subfield code="d">IUL</subfield><subfield code="d">OCLCQ</subfield><subfield code="d">OCLCF</subfield></datafield><datafield ind1="1" ind2=" " tag="029"><subfield code="a">AU@</subfield><subfield code="b">000040234253</subfield></datafield><datafield ind1=" " ind2=" " tag="042"><subfield code="a">msc</subfield></datafield><datafield ind1=" " ind2=" " tag="043"><subfield code="a">n-us-oh</subfield></datafield><datafield ind1="0" ind2="0" tag="245"><subfield code="a">Chillicothe Scioto gazette.</subfield></datafield><datafield ind1="3" ind2=" " tag="246"><subfield code="a">Sunday gazette and advertiser</subfield></datafield><datafield ind1=" " ind2=" " tag="260"><subfield code="a">Chillicothe, Ohio :</subfield><subfield code="b">[E.A. Chappill],</subfield><subfield code="c">1930-1939.</subfield></datafield><datafield ind1=" " ind2=" " tag="300"><subfield code="a">v. :</subfield><subfield code="b">ill. ;</subfield><subfield code="c">58 cm.</subfield></datafield><datafield ind1=" " ind2=" " tag="310"><subfield code="a">Daily</subfield></datafield><datafield ind1="0" ind2=" " tag="362"><subfield code="a">Vol. 33, no. 24 (June 18, 1930)-v. 139, no. 162 (Dec. 29, 1939).</subfield></datafield><datafield ind1=" " ind2=" " tag="500"><subfield code="a">Publisher named in: Ayer's, 1938.</subfield></datafield><datafield ind1=" " ind2=" " tag="500"><subfield code="a">Publishers issued joint Sunday edition of this title and the Chillicothe news-advertiser, called: Sunday gazette and advertiser, 1938-1939.</subfield></datafield><datafield ind1=" " ind2="0" tag="651"><subfield code="a">Chillicothe (Ross County, Ohio)</subfield><subfield code="v">Newspapers.</subfield></datafield><datafield ind1=" " ind2="7" tag="655"><subfield code="a">Newspapers.</subfield><subfield code="2">fast</subfield><subfield code="0">(OCoLC)fst01423814</subfield></datafield><datafield ind1=" " ind2="7" tag="651"><subfield code="a">Ohio</subfield><subfield code="z">Chillicothe (Ross County)</subfield><subfield code="2">fast</subfield><subfield code="0">(OCoLC)fst01312400</subfield></datafield><datafield ind1=" " ind2=" " tag="752"><subfield code="a">United States</subfield><subfield code="b">Ohio</subfield><subfield code="c">Ross</subfield><subfield code="d">Chillicothe.</subfield></datafield><datafield ind1="0" ind2="0" tag="780"><subfield code="t">Scioto gazette (Chillicothe, Ross County, Ohio : 1900 : Daily)</subfield><subfield code="w">(DLC)sn 83035637</subfield></datafield><datafield ind1="0" ind2="0" tag="785"><subfield code="t">Chillicothe gazette (Chillicothe, Ross County, Ohio : 1940)</subfield><subfield code="w">(DLC)sn 83035640</subfield></datafield></record>